@ARTICLE{Cun13a,
    author = {Cunningham, Hamish AND Tablan, Valentin AND Roberts, Angus AND Bontcheva, Kalina},
    journal = {PLoS Computational Biology},
    publisher = {Public Library of Science},
    title = {Getting More Out of Biomedical Documents with {GATE}'s Full Lifecycle Open Source Text Analytics},
    year = {2013},
    month = {02},
    volume = {9},
    url = {http://dx.doi.org/10.1371/journal.pcbi.1002854},
    pages = {e1002854},
    number = {2},
    doi = {10.1371/journal.pcbi.1002854}
}

@misc{OASIS:UIMA:2009,
    Title = {Unstructured Information Management Architecture ({UIMA}) Version 1.0},
    Author = {Ferrucci, David and Lally, Adam and Verspoor, Karin and Nyberg, Eric},
    Howpublished = {OASIS Standard},
    Year = {2009},
    Month = {mar},
    Url = {https://docs.oasis-open.org/uima/v1.0/uima-v1.0.html}}
